<record><leader>00000cas a2200000 a 4500</leader><controlfield tag="001">64033570</controlfield><controlfield tag="008">060217d20052007orumr ne      0    0eng c</controlfield><datafield ind1=" " ind2=" " tag="010"><subfield code="a">  2006260006</subfield></datafield><datafield ind1=" " ind2=" " tag="040"><subfield code="a">ORU</subfield><subfield code="b">eng</subfield><subfield code="c">ORU</subfield><subfield code="d">ORU</subfield><subfield code="d">OCLCQ</subfield><subfield code="d">OCLCF</subfield><subfield code="d">OCLCO</subfield></datafield><datafield ind1="1" ind2=" " tag="029"><subfield code="a">AU@</subfield><subfield code="b">000040184617</subfield></datafield><datafield ind1=" " ind2=" " tag="042"><subfield code="a">pcc</subfield></datafield><datafield ind1=" " ind2=" " tag="043"><subfield code="a">n-us-or</subfield></datafield><datafield ind1="0" ind2="0" tag="245"><subfield code="a">Nestucca news.</subfield></datafield><datafield ind1=" " ind2=" " tag="260"><subfield code="a">Tillamook, Or. :</subfield><subfield code="b">Headlight-Herald and Oregon Coast Newspapers,</subfield><subfield code="c">2005-2007.</subfield></datafield><datafield ind1=" " ind2=" " tag="300"><subfield code="a">3 v. :</subfield><subfield code="b">ill. ;</subfield><subfield code="c">32 cm.</subfield></datafield><datafield ind1=" " ind2=" " tag="310"><subfield code="a">Monthly</subfield></datafield><datafield ind1="0" ind2=" " tag="362"><subfield code="a">Vol. 1, issue 1 (Apr. 2005)-</subfield></datafield><datafield ind1="1" ind2=" " tag="362"><subfield code="a">Ceased with v. 3, issue 8 (Aug. 2007).</subfield></datafield><datafield ind1=" " ind2=" " tag="500"><subfield code="a">"Serving Beaver, Hebo, Cloverdale, Pacific City, Neskowin."--June 2005.</subfield></datafield><datafield ind1=" " ind2=" " tag="500"><subfield code="a">Distributed to South Tillamook County subscribers of: Headlight-herald.</subfield></datafield><datafield ind1=" " ind2=" " tag="530"><subfield code="a">Also issued on microfilm from University of Oregon.</subfield></datafield><datafield ind1=" " ind2=" " tag="588"><subfield code="a">Latest issue consulted: Vol. 3, issue 5 (May 2007).</subfield></datafield><datafield ind1=" " ind2="0" tag="651"><subfield code="a">Tillamook County (Or.)</subfield><subfield code="v">Newspapers.</subfield></datafield><datafield ind1=" " ind2="0" tag="651"><subfield code="a">Beaver (Or.)</subfield><subfield code="v">Newspapers.</subfield></datafield><datafield ind1=" " ind2="0" tag="651"><subfield code="a">Hebo (Or.)</subfield><subfield code="v">Newspapers.</subfield></datafield><datafield ind1=" " ind2="0" tag="651"><subfield code="a">Cloverdale (Or.)</subfield><subfield code="v">Newspapers.</subfield></datafield><datafield ind1=" " ind2="0" tag="651"><subfield code="a">Pacific City (Or.)</subfield><subfield code="v">Newspapers.</subfield></datafield><datafield ind1=" " ind2="0" tag="651"><subfield code="a">Neskowin (Or.)</subfield><subfield code="v">Newspapers.</subfield></datafield><datafield ind1=" " ind2="7" tag="655"><subfield code="a">Newspapers.</subfield><subfield code="2">fast</subfield><subfield code="0">(OCoLC)fst01423814</subfield></datafield><datafield ind1=" " ind2="7" tag="651"><subfield code="a">Oregon</subfield><subfield code="z">Beaver.</subfield><subfield code="2">fast</subfield><subfield code="0">(OCoLC)fst01865725</subfield></datafield><datafield ind1=" " ind2="7" tag="651"><subfield code="a">Oregon</subfield><subfield code="z">Cloverdale.</subfield><subfield code="2">fast</subfield><subfield code="0">(OCoLC)fst01280755</subfield></datafield><datafield ind1=" " ind2="7" tag="651"><subfield code="a">Oregon</subfield><subfield code="z">Hebo.</subfield><subfield code="2">fast</subfield><subfield code="0">(OCoLC)fst01865726</subfield></datafield><datafield ind1=" " ind2="7" tag="651"><subfield code="a">Oregon</subfield><subfield code="z">Neskowin.</subfield><subfield code="2">fast</subfield><subfield code="0">(OCoLC)fst01288264</subfield></datafield><datafield ind1=" " ind2="7" tag="651"><subfield code="a">Oregon</subfield><subfield code="z">Pacific City.</subfield><subfield code="2">fast</subfield><subfield code="0">(OCoLC)fst01305009</subfield></datafield><datafield ind1=" " ind2="7" tag="651"><subfield code="a">Oregon</subfield><subfield code="z">Tillamook County.</subfield><subfield code="2">fast</subfield><subfield code="0">(OCoLC)fst01205853</subfield></datafield><datafield ind1="0" ind2=" " tag="730"><subfield code="a">Headlight-herald.</subfield></datafield><datafield ind1=" " ind2=" " tag="752"><subfield code="a">United States</subfield><subfield code="b">Oregon</subfield><subfield code="c">Tillamook</subfield><subfield code="d">Tillamook.</subfield></datafield></record>